
@article{dijkstra_hierarchical_1971,
	title = {Hierarchical ordering of sequential processes},
	volume = {1},
	issn = {0001-5903, 1432-0525},
	url = {http://link.springer.com/10.1007/BF00289519},
	doi = {10.1007/BF00289519},
	number = {2},
	urldate = {2013-10-27},
	journal = {Acta Informatica},
	author = {Dijkstra, E. W.},
	year = {1971},
	pages = {115--138}
},

@article{ricart_optimal_1981,
	title = {An optimal algorithm for mutual exclusion in computer networks},
	volume = {24},
	issn = {00010782},
	url = {http://portal.acm.org/citation.cfm?doid=358527.358537},
	doi = {10.1145/358527.358537},
	number = {1},
	urldate = {2013-10-27},
	journal = {Communications of the {ACM}},
	author = {Ricart, Glenn and Agrawala, Ashok K.},
	month = jan,
	year = {1981},
	pages = {9--17}
},

@article{dijkstra_solution_1983,
	title = {Solution of a problem in concurrent programming control},
	volume = {26},
	issn = {00010782},
	url = {http://portal.acm.org/citation.cfm?doid=357980.357989},
	doi = {10.1145/357980.357989},
	number = {1},
	urldate = {2013-10-27},
	journal = {Communications of the {ACM}},
	author = {Dijkstra, E. W.},
	month = jan,
	year = {1983},
	pages = {21--22}
},

@misc{center_for_history_and_new_media_schnelleinstieg_????,
	title = {Schnelleinstieg},
	url = {http://zotero.org/support/quick_start_guide},
	author = {{Center for History and New Media}},
	annote = {Willkommen bei {Zotero!Anhand} des Schnelleinstiegs lässt sich das Sammeln, Handhaben, Zitieren und Teilen von Quellen {erlernen.Vielen} Dank, dass Sie Zotero installiert haben.}
},

@article{courtois_concurrent_1971,
	title = {Concurrent control with “readers” and “writers”},
	volume = {14},
	issn = {00010782},
	url = {http://portal.acm.org/citation.cfm?doid=362759.362813},
	doi = {10.1145/362759.362813},
	number = {10},
	urldate = {2013-10-27},
	journal = {Communications of the {ACM}},
	author = {Courtois, P. J. and Heymans, F. and Parnas, D. L.},
	month = oct,
	year = {1971},
	pages = {667--668}
},

@book{luttge_botanik:_2010,
	address = {Weinheim, Bergstr},
	title = {Botanik: Die umfassende Biologie der Pflanzen},
	isbn = {9783527320301  {352732030X}},
	shorttitle = {Botanik},
	language = {German},
	publisher = {Wiley-{VCH}},
	author = {Lüttge, Ulrich and Kluge, Manfred and Thiel, Gerhard},
	year = {2010}
},

@book{schopfer_pflanzenphysiologie_2010,
	address = {München},
	title = {Pflanzenphysiologie},
	isbn = {9783827423511 3827423511},
	language = {German},
	publisher = {Elsevier, Spektrum Akad. Verl.},
	author = {Schopfer, Peter and Brennicke, Axel and Mohr, Hans},
	year = {2010}
},

@book{__????
},

@book{campbell_biologie_2009,
	address = {München [u.a.]},
	title = {Biologie},
	isbn = {9783827372871  3827372879  3827371805 9783827371805},
	language = {German},
	publisher = {Pearson Studium},
	author = {Campbell, Neil A and , Kratochwil and Lazar, Thomas and Reece, Jane B},
	year = {2009}
},

@book{tanenbaum_moderne_1994,
	address = {Muenchen; Wien; London},
	title = {Moderne Betriebssysteme},
	isbn = {3446174729  9783446174726  0135178894  9780135178898},
	language = {German},
	publisher = {Hanser ; Prentice Hall Internat.},
	author = {Tanenbaum, Andrew S},
	year = {1994}
},

@article{hoare_communicating_1978,
	title = {Communicating sequential processes},
	volume = {21},
	issn = {00010782},
	url = {http://portal.acm.org/citation.cfm?doid=359576.359585},
	doi = {10.1145/359576.359585},
	number = {8},
	urldate = {2013-10-27},
	journal = {Communications of the {ACM}},
	author = {Hoare, C. A. R.},
	month = aug,
	year = {1978},
	pages = {666--677}
},

@book{strasburger_lehrbuch_2012,
	address = {Heidelberg},
	title = {Lehrbuch der Botanik},
	isbn = {9783827414557 3827414555},
	language = {German},
	publisher = {Spektrum, Akad. Verl.},
	author = {Strasburger, Eduard and Bresinsky, Andreas},
	year = {2012}
}